% Encoding: UTF-8
% Bibtex file for Masters Thesis

@article{heinz2004atomic,
  title={Atomic charges for classical simulations of polar systems},
  author={Heinz, Hendrik and Suter, Ulrich W},
  journal={J. Phys. Chem. B},
  volume={108},
  number={47},
  pages={18341--18352},
  year={2004},
  mont={Oct.},
  publisher={ACS Publications}
}

@article{madejova2001baseline,
  title={Baseline studies of the clay minerals society source clays: infrared methods},
  author={Madejova, Jana and Komadel, Peter},
  journal={Clays Clay Min.},
  volume={49},
  number={5},
  pages={410--432},
  year={2001},
  month={Oct.},
  publisher={Clay Minerals Society}
}

@article{fu1990changes,
  title={Changes in the properties of a montmorillonite-water system during the adsorption and desorption of water: hysteresis},
  author={Fu, MH and Zhang, ZZ and Low, PF and others},
  journal={Clays Clay Min.},
  volume={38},
  number={5},
  pages={485--492},
  mont={Oct.},
  year={1990}
}

@article{goldberg2002competitive,
  title={Competitive adsorption of arsenate and arsenite on oxides and clay minerals},
  author={Goldberg, Sabine},
  journal={Soil Sci. Soc. of Amer. J.},
  volume={66},
  number={2},
  pages={413--421},
  year={2002},
  mont={Mar.},
  publisher={Soil Science Society}
}

@article{chang1995computer,
  title={Computer simulation of interlayer molecular structure in sodium montmorillonite hydrates},
  author={Chang, Fang-Ru Chou and Skipper, NT and Sposito, Garrison},
  journal={Langmuir},
  volume={11},
  number={7},
  pages={2734--2741},
  year={1995},
  month={Jul.},
  publisher={ACS Publications}
}

@article{emami2014force,
  title={Force field and a surface model database for silica to simulate interfacial properties in atomic resolution},
  author={Emami, Fateme S and Puddu, Valeria and Berry, Rajiv J and Varshney, Vikas and Patwardhan, Siddharth V and Perry, Carole C and Heinz, Hendrik},
  journal={Chem. Mater.},
  volume={26},
  number={8},
  pages={2647--2658},
  year={2014},
  month={Mar.},
  publisher={ACS Publications}
}

@article{hahn2018development,
  title={Development of a ReaxFF Reactive Force Field for NaSiO x/Water Systems and Its Application to Sodium and Proton Self-Diffusion},
  author={Hahn, Seung Ho and Rimsza, Jessica and Criscenti, Louise and Sun, Wei and Deng, Lu and Du, Jincheng and Liang, Tao and Sinnott, Susan B and Van Duin, Adri CT},
  journal={J. Phys. Chem. C},
  volume={122},
  number={34},
  pages={19613--19624},
  year={2018},
  month={Aug.},
  publisher={ACS Publications}
}

@article{lee2017effect,
  title={Effect of nanoscale roughness on adhesion between glassy silica and polyimides: A molecular dynamics study},
  author={Lee, Sung Hoon and Stewart, Ross J and Park, Hyunhang and Goyal, Sushmit and Botu, Venkatesh and Kim, Hyunbin and Min, Kyoungmin and Cho, Eunseog and Rammohan, Aravind R and Mauro, John C},
  journal={J. P. Chem. C},
  volume={121},
  number={44},
  pages={24648--24656},
  year={2017},
  month={Oct.},
  publisher={ACS Publications}
}

@article{lerot1976effect,
  title={Effect of swelling on the infrared absorption spectrum of montmorillonite},
  author={Lerot, Luc and Low, Philip F},
  journal={Clays Clay Min.},
  volume={24},
  number={4},
  pages={191--199},
  year={1976},
  month={Aug.},
  publisher={Citeseer}
}

% This might be an issue, can't find a month
@Article{aldersley2011evaluation,
  author  = {Aldersley, MF and Bamburak, JD and Joshi, PC and Thompson, J and Delano, JW and Ferris, JP},
  title   = {{Evaluation of Manitoba bentonites in the catalysis of RNA synthesis by montmorillonite (parts of NTS 62G1, 8, 10, K3, N1)}},
  journal = {Manitoba Geol. Surv. Rep. Activities},
  year    = {2011},
  pages   = {150--157},
}

@article{wu2006flexible,
  title={Flexible simple point-charge water model with improved liquid-state properties},
  author={Wu, Yujie and Tepper, Harald L and Voth, Gregory A},
  journal={J. Chem. Phys.},
  volume={124},
  number={2},
  pages={024503},
  year={2006},
  month={Jan.},
  publisher={AIP}
}

@Article{Emami2014,
  author={Emami, Fateme S and Puddu, Valeria and Berry, Rajiv J and Varshney, Vikas and Patwardhan, Siddharth V and Perry, Carole C and Heinz, Hendrik},
  title={Force field and a surface model database for silica to simulate interfacial properties in atomic resolution},
  journal={Chem. Mater.},
  year={2014},
  month={Mar.},
  volume={26},
  number={8},
  pages={2647--2658},
  publisher={ACS Publications},
}

@article{heinz2005force,
  title={Force field for mica-type silicates and dynamics of octadecylammonium chains grafted to montmorillonite},
  author={Heinz, Hendrik and Koerner, Hilmar and Anderson, Kelly L and Vaia, Richard A and Farmer, BL},
  journal={Chem. Mater.},
  volume={17},
  number={23},
  pages={5658--5669},
  year={2005},
  month={Oct.},
  publisher={ACS Publications}
}

@article{madejova2003ftir,
  title={{FTIR techniques in clay mineral studies}},
  author={Madejova, JFTIR},
  journal={Vib. Spectrosc.},
  volume={31},
  number={1},
  pages={1--10},
  year={2003},
  month={Jan.},
  publisher={Elsevier}
}

@article{lin2002heavy,
  title={Heavy metal removal from water by sorption using surfactant-modified montmorillonite},
  author={Lin, Su-Hsia and Juang, Ruey-Shin},
  journal={J. Hazardous Mater.},
  volume={92},
  number={3},
  pages={315--326},
  year={2002},
  month={Jun.},
  publisher={Elsevier}
}

@article{bishop1994infrared,
  title={Infrared spectroscopic analyses on the nature of water in montmorillonite},
  author={Bishop, Janice L and Pieters, Carli M and Edwards, John O},
  journal={Clays Clay Min.},
  year={1994},
  month={Jan.},
  volume={42},
  number={6},
  pages = {702--716}
}

@article{sposito1983infrared,
  title={Infrared spectroscopic study of adsorbed water on reduced-charge Na/Li-montmorillonites},
  author={Sposito, Garrison and Prost, R and Gaultier, Jean-Pierre},
  journal={Clays Clay Min.},
  volume={31},
  number={1},
  pages={9--16},
  year={1983},
  month={Jan.}
}

@article{xu2000infrared,
  title={{Infrared study of water sorption on Na-, Li-, Ca-, and Mg-exchanged (SWy-1 and SAz-1) montmorillonite}},
  author={Xu, Weizong and Johnston, Cliff T and Parker, Paul and Agnew, Stephen F},
  journal={Clays Clay Min.},
  volume={48},
  number={1},
  pages={120--131},
  year={2000},
  month={Feb.},
  publisher={Clay Minerals Society}
}

@Article{joshi2009mechanism,
  author={Joshi, Prakash C and Aldersley, Michael F and Delano, John W and Ferris, James P},
  title={{Mechanism of montmorillonite catalysis in the formation of RNA oligomers}},
  journal={J. Amer. Chem. Soc.},
  year={2009},
  month={Sep.},
  volume={131},
  number={37},
  pages={13369--13374},
  publisher={ACS Publications},
}

@article{chang1998monte,
  title={Monte Carlo and molecular dynamics simulations of electrical double-layer structure in potassium- montmorillonite hydrates},
  author={Chang, Fang-Ru Chou and Skipper, NT and Sposito, Garrison},
  journal={Langmuir},
  volume={14},
  number={5},
  pages={1201--1207},
  year={1998},
  month={Feb.},
  publisher={ACS Publications}
}

@article{chang1997monte,
  title={Monte Carlo and molecular dynamics simulations of interfacial structure in lithium-montmorillonite hydrates},
  author={Chang, Fang-Ru Chou and Skipper, NT and Sposito, Garrison},
  journal={Langmuir},
  volume={13},
  number={7},
  pages={2074--2082},
  year={1997},
  month={Apr.},
  publisher={ACS Publications}
}

@article{sposito1999monte,
  title={Monte Carlo simulation of the total radial distribution function for interlayer water in sodium and potassium montmorillonites},
  author={Sposito, Garrison and Park, Sung-Ho and Sutton, Rebecca},
  journal={Clays Clay Min.},
  volume={47},
  number={2},
  pages={192--200},
  year={1999},
  month={Jan.},
}

@article{park2000monte,
  title={Monte Carlo Simulation of Total Radial Distribution Functions for Interlayer Water in Li-, Na-, and K-Montmorillonite Hydrates},
  author={Park, Sung-Ho and Sposito, Garrison},
  journal={J. Phys. Chem. B},
  volume={104},
  number={19},
  pages={4642--4648},
  year={2000},
  month={Apr.},
  publisher={ACS Publications}
}

% Origins of Life and Evolution of Bispheres
@article{banin1985ph,
  title={pH profile of the adsorption of nucleotides onto montmorillonite},
  author={Banin, A and Lawless, JG and Mazzurco, J and Church, FM and Margulies, L and Orenberg, JB},
  journal={Orig. Life and Evol. Biosph.},
  volume={15},
  number={2},
  pages={89--101},
  year={1985},
  month={Jun.},
  publisher={Springer}
}

@article{emami2014prediction,
  title={Prediction of Specific Biomolecule Adsorption on Silica Surfaces as a Function of pH and Particle Size},
  author={Emami, Fateme S and Puddu, Valeria and Berry, Rajiv J and Varshney, Vikas and Patwardhan, Siddharth V and Perry, Carole C and Heinz, Hendrik},
  journal={Chem. Mater.},
  volume={26},
  number={19},
  pages={5725--5734},
  year={2014},
  month={Aug.},
  publisher={ACS Publications}
}

@article{dang1987simple,
  title={Simple intramolecular model potentials for water},
  author={Dang, Liem X and Pettitt, B Montgomery},
  journal={J. Phys. Chem.},
  volume={91},
  number={12},
  pages={3349--3354},
  year={1987},
  month={Jun.},
  publisher={ACS Publications}
}

@article{marry2008structure,
  title={Structure and dynamics of water at a clay surface from molecular dynamics simulation},
  author={Marry, Virginie and Rotenberg, Benjamin and Turq, Pierre},
  journal={Phys. Chem. Chem. Phys.},
  volume={10},
  number={32},
  pages={4802--4813},
  year={2008},
  month={Jun.},
  publisher={Royal Society of Chemistry}
}

% Not sure if mont is right.
@article{schroth1997surface,
  title={Surface charge properties of kaolinite},
  author={Schroth, Brian K and Sposito, Garrison},
  journal={Clays Clay Min.},
  volume={45},
  number={1},
  pages={85--91},
  year={1997},
  month={Jan.},
  publisher={Citeseer}
}

@article{berendsen1987missing,
  title={The Missing Term in Effective Pair Potentials},
  author={Berendsen, HJC and Grigera, JR and Straatsma, TP},
  journal={J. Phys. Chem.},
  volume={91},
  number={24},
  pages={6269--6271},
  year={1987},
  month={Nov.},
  publisher={ACS Publications}
}

@Article{aldersley2011role,
  author={Aldersley, Michael F and Joshi, Prakash C and Price, Jonathan D and Ferris, James P},
  title={{The role of montmorillonite in its catalysis of RNA synthesis}},
  journal={Appl. Clay Sci.},
  year={2011},
  month={Nov.},
  volume={54},
  number={1},
  pages={1--14},
  publisher={Elsevier},
}

@article{scholtzova2013theoretical,
  title={Theoretical and experimental study of montmorillonite intercalated with tetramethylammonium cation},
  author={Scholtzov{\'a}, Eva and Tunega, Daniel and Madejov{\'a}, Jana and P{\'a}lkov{\'a}, Helena and Komadel, Peter},
  journal={Vib. Spectrosc.},
  volume={66},
  pages={123--131},
  year={2013},
  month={May},
  publisher={Elsevier}
}

@article{heinz2013thermodynamically,
  title={Thermodynamically consistent force fields for the assembly of inorganic, organic, and biological nanostructures: the INTERFACE force field},
  author={Heinz, Hendrik and Lin, Tzu-Jen and Kishore Mishra, Ratan and Emami, Fateme S},
  journal={Langmuir},
  volume={29},
  number={6},
  pages={1754--1765},
  year={2013},
  month={Dec.},
  publisher={ACS Publications}
}

@article{johnston1992vibrational,
  title={Vibrational probe studies of water interactions with montmorillonite},
  author={Johnston, CT and Sposito, G and Erickson, C},
  journal={Clays Clay Min.},
  volume={40},
  number={6},
  pages={722--730},
  year={1992},
  month={Dec.}
}

@article{cariati1981water,
  title={Water molecules and hydroxyl groups in montmorillonites as studied by near infrared spectroscopy},
  author={Cariati, F and Erre, L and Micera, G and Piu, P and Gessa, C},
  journal={Clays Clay Min.},
  volume={29},
  number={2},
  pages={157--159},
  year={1981},
  month={Apr.},
  publisher={Clay Minerals Society}
}

@book{sposito1984surface,
  title={The Surface Chemistry of Soils.},
  author={Sposito, Garrison and others},
  year={1984},
  address={New York, NY, USA},
  publisher={Oxford University Press}
}

@article{berend1995mechanism,
  author    = {B{\'e}rend, I and Cases, JM and Francois, M and Uriot, JP and Michot, L and Masion, A and Thomas, F},
  title     = {{Mechanism of adsorption and desorption of water vapor by homoionic montmorillonites: 2. the Li+, Na+, K+, Rb+ and Cs+-exchanged forms}},
  journal   = {Clays Clay Min.},
  year      = {1995},
  volume    = {43},
  number    = {3},
  pages     = {324--336},
  month     = {Jun.},
}

@article{cases1992mechanism,
  title={{Mechanism of adsorption and desorption of water vapor by homoionic montmorillonite. 1. the sodium-exchanged form}},
  author={Cases, JM and B{\'e}rend, I and Besson, G and Francois, M and Uriot, JP and Thomas, F and Poirier, JE},
  journal={Langmuir},
  volume={8},
  number={11},
  pages={2730--2739},
  year={1992},
  month={Nov.},
  publisher={ACS Publications}
}

@article{ferrage2005investigation,
  title={Investigation of smectite hydration properties by modeling experimental X-ray diffraction patterns: Part I. Montmorillonite hydration properties},
  author={Ferrage, Eric and Lanson, Bruno and Sakharov, Boris A and Drits, Victor A},
  journal={Amer. Mineral.},
  volume={90},
  number={8-9},
  pages={1358--1374},
  year={2005},
  month={Aug.},
  publisher={Mineralogical Society of America}
}

% Journal of Research of the National Bureau of Standards - A Physics and Chemistry
@article{greenspan1977humidity,
  title={Humidity fixed points of binary saturated aqueous solutions},
  author={Greenspan, Lewis},
  journal={J. Res. Nat. Bur. Stand. A},
  volume={81},
  number={1},
  pages={89--96},
  year={1977},
  month={Jan.},
  publisher={Physics and Chemistry}
}

@article{mering1946hydration,
  title={On the hydration of montmorillonite},
  author={Mering, J},
  journal={Trans. Faraday Soc.},
  volume={42},
  pages={B205--B219},
  year={1946},
  month={Jan.},
  publisher={Royal Society of Chemistry}
}

@article{wexler1954relative,
  title={Relative humidity-temperature relationships of some saturated salt solutions in the temperature range 0 to 50 C},
  author={Wexler, Arnold and Hasegawa, Saburo},
  journal={J. Res. Nat. Bur. Stand.},
  volume={53},
  number={1},
  pages={19--26},
  year={1954},
  month={Jul.}
}

@Article{aldrich1944hydration,
  author={Aldrich, DG and Hellman, NN and Jackson, ML},
  title={Hydration control of montmorillonite as required for its identification and estimation by X-ray diffraction methods},
  journal={Soil Sci.},
  year={1944},
  month={Mar.},
  volume={57},
  number={3},
  pages={215--232},
  publisher={LWW},
}

@Article{hartwell1965diverse,
  author={Hartwell, JM},
  title={The diverse uses of montmorillonite},
  journal={Clay Min.},
  year={1965},
  month={Dec.},
  volume={6},
  number={2},
  pages={111--118},
  publisher={Cambridge University Press},
}

@article{hanczyc2003experimental,
  title={Experimental Models of Primitive Cellular Compartments: Encapsulation, Growth, and Division},
  author={Hanczyc, Martin M and Fujikawa, Shelly M and Szostak, Jack W},
  journal={Science},
  volume={302},
  number={5645},
  pages={618--622},
  year={2003},
  month={Oct.},
  publisher={American Association for the Advancement of Science}
}

@article{young1967humidity,
  title={Humidity control in the laboratory using salt solutions-a review},
  author={Young, James Francis},
  journal={J. Appl. Chem.},
  volume={17},
  number={9},
  pages={241--245},
  year={1967},
  month={Sep.},
  publisher={Wiley Online Library}
}

@Book{van1977introduction,
  title={{An Introduction to Clay Colloid Chemistry: for Clay Technologists, Geologists, and Soil Scientists}},
  publisher={John Wiley \& Sons},
  year={1977},
  address={New York, NY, USA},
  author={Van Olphen, Hendrik},
}

% Don't know if book or article
@Article{newman1987chemical,
  author={Newman, ACD and Brown, G and others},
  title={The chemical constitution of clays.},
  journal={Monograph, Mineralogical Society},
  year={1987},
  number={6},
  pages={1--128},
}

% Can't find month
@Article{mering1953role,
  author={M{\'e}ring, Jacques and Glaeser, Rachel},
  title={{Sur le rôle de la valence des cations échangeable dans la montmorillonite}},
  journal={Bulletin du Groupe fran{\c{c}}ais des Argiles},
  year={1953},
  volume={5},
  pages={61--72},
  publisher={Groupe francais des argiles},
}

% Can't find month
@article{mering1964gonflement,
  title={Gonflement, dispersion et hydratation des argiles},
  author={M{\'e}ring, Jacques},
  journal={Bulletin du Groupe fran{\c{c}}ais des Argiles},
  volume={14},
  number={9},
  pages={115--123},
  year={1964},
  publisher={Groupe francais des argiles}
}

@book{eisenberg2005structure,
  title={The Structure and Properties of Water},
  author={Eisenberg, David and Kauzmann, Walter and Kauzmann, Walter},
  year={2005},
  address={New York, NY, USA},
  publisher={Oxford University Press}
}

@article{max2009isotope,
  title={{Isotope effects in liquid water by infrared spectroscopy. III. H{$_2$}O and D{$_2$}O spectra from 6000 to 0 cm{$^{-1}$}}},
  author={Max, Jean-Joseph and Chapados, Camille},
  journal={J. Chem. Phys.},
  volume={131},
  number={18},
  pages={184505},
  year={2009},
  month={Nov.},
  publisher={AIP}
}

@article{brahim1986methode,
  title={{Methode diffractometrique de caracterisation des {\'e}tats d'hydration des smectites stabilite relative des couches d'eau inserées}},
  author={Brahim, J. Ben and Armagan, N. and Besson, G. and Tchoubar, C.},
  journal={Clay Min.},
  volume={21},
  number={2},
  pages={111--124},
  year={1986},
  month={Jun.},
  publisher={Mineralogical Society}
}

@article{waldman:1993cdd, 
  title = {{New combining rules for rare gas van der waals parameters}}, 
  author = {Waldman, Marvin and Hagler, A.T.}, 
  journal = {J. Comput. Chem.}, 
  volume = {14}, 
  pages = {1077--1084}, 
  issn = {1096-987X}, 
  eissn = {1096-987x}, 
  doi = {10.1002/jcc.540140909}, 
  year = {1993},
  month = {Sep.}
}

@INPROCEEDINGS{wilke2016, 
author={I. {Wilke} and M. {Aldersley} and P. {Joshi}}, 
booktitle={2016 41st Int. Conf. on Infrared, Millimeter, and Terahertz waves (IRMMW-THz)}, 
title={Terahertz spectroscopy of the mineral/water interface}, 
year={2016}, 
volume={}, 
number={}, 
pages={1-2}, 
keywords={absorption coefficients;clay;minerals;monolayers;terahertz wave spectra;water;terahertz spectroscopy;monolayer clay hydrates;hydrogen bonds;water monolayer;THz frequency absorption coefficient;clay mineral surface;monomolecular water layer dynamics;mineral-water interface;H2O;Absorption;Minerals;Spectroscopy;Chemicals;Time-domain analysis;X-ray diffraction;Temperature measurement}, 
doi={10.1109/IRMMW-THz.2016.7758477}, 
ISSN={2162-2035}, 
month={Sep.},}

@article{covington1985definition,
  title={Definition of pH scales, standard reference values, measurement of pH and related terminology (Recommendations 1984)},
  author={Covington, Arthur K and Bates, RG and Durst, RA},
  journal={Pure and Applied Chemistry},
  volume={57},
  number={3},
  pages={531--542},
  year={1985},
  month={Mar.},
  publisher={De Gruyter}
}

@article{vanDuin2001reaxff,
  title={ReaxFF: a reactive force field for hydrocarbons},
  author={Van Duin, Adri CT and Dasgupta, Siddharth and Lorant, Francois and Goddard, William A},
  journal={J. Phys. Chem. A},
  volume={105},
  number={41},
  pages={9396--9409},
  year={2001},
  month={Sep.},
  publisher={ACS Publications}
}

@article{pitman2012dynamics,
  title={Dynamics of confined reactive water in smectite clay--zeolite composites},
  author={Pitman, Michael C and Van Duin, Adri CT},
  journal={J. Amer. Chem. Soc.},
  volume={134},
  number={6},
  pages={3042--3053},
  year={2012},
  month={Jan.},
  publisher={ACS Publications}
}

@article{plimpton1995fast,
  title={{Fast Parallel Algorithms for Short-Range Molecular Dynamics}},
  author={Plimpton, Steve},
  journal={J. Comput. Phys.},
  volume={117},
  number={1},
  pages={1--19},
  year={1995},
  month={Mar.},
  publisher={Elsevier}
}

@article{aktulga2012parallel,
  title={Parallel reactive molecular dynamics: Numerical methods and algorithmic techniques},
  author={Aktulga, Hasan Metin and Fogarty, Joseph C and Pandit, Sagar A and Grama, Ananth Y},
  journal={Parallel Comput.},
  volume={38},
  number={4-5},
  pages={245--259},
  year={2012},
  month={May},
  publisher={Elsevier}
}

@article{martinez2009packmol,
  title={PACKMOL: a package for building initial configurations for molecular dynamics simulations},
  author={Mart{\'\i}nez, Leandro and Andrade, Ricardo and Birgin, Ernesto G and Mart{\'\i}nez, Jos{\'e} Mario},
  journal={J. Comput. Chem.},
  volume={30},
  number={13},
  pages={2157--2164},
  year={2009},
  month={Feb.},
  publisher={Wiley Online Library}
}

@article{humphrey1996vmd,
  title={VMD: visual molecular dynamics},
  author={Humphrey, William and Dalke, Andrew and Schulten, Klaus},
  journal={J. Mol. Graph.},
  volume={14},
  number={1},
  pages={33--38},
  year={1996},
  month={Feb.},
  publisher={Elsevier}
}

@article{stukowski2009Ovito,
	doi = {10.1088/0965-0393/18/1/015012},
	year = {2009},
	month = {Dec.},
	publisher = {{IOP} Publishing},
	volume = {18},
	number = {1},
	pages = {015012},
	author = {Alexander Stukowski},
	title = {Visualization and analysis of atomistic simulation data with {OVITO}{\textendash}the Open Visualization Tool},
	journal = {Model. Simul. Mater. Sci. Eng.},
}

@article{liu1997terahertz,
  title={Terahertz laser spectroscopy of the water pentamer: Structure and hydrogen bond rearrangement dynamics},
  author={Liu, K and Brown, MG and Cruzan, JD and Saykally, RJ},
  journal={J. Phys. Chem. A},
  volume={101},
  number={48},
  pages={9011--9021},
  year={1997},
  month={Nov.},
  publisher={ACS Publications}
}

@article{shiraga2014hydration,
  title={Hydration and hydrogen bond network of water around hydrophobic surface investigated by terahertz spectroscopy},
  author={Shiraga, K and Suzuki, T and Kondo, N and Ogawa, Y},
  journal={J. Chem. Phys.},
  volume={141},
  number={23},
  pages={12B647\_1},
  year={2014},
  month={Dec.},
  publisher={AIP}
}

@Comment{jabref-meta: databaseType:bibtex;}
